@ARTICLE{ARTICLE:1,
AUTHOR="Andi Susilo",
TITLE="Bagaimana Cara Mengolah Data Secara Benar",
JOURNAL="Jurnal Statistika Vol.IX",
YEAR="2019",
}

@BOOK{BOOK:1,
AUTHOR="Budi Sudarsono",
TITLE="Memahami Quantum Mekanika Secara Konseptual",
PUBLISHER="Penerbit Matematikasyik",
YEAR="2020",
}

@INBOOK{BOOK:2,
AUTHOR="Cici Salsabila",
TITLE="Kiat Sukses Lulus CPNS",
YEAR="2020",
PAGES="67-69",
}

@MISC{WEBSITE:1,
HOWPUBLISHED="\url{http://abc.com}",
AUTHOR="Denny Simorangkir",
TITLE="Tips Membuat Website dengan React.js",
MONTH="Januari",
YEAR="2020",
NOTE="Diakses pada 20 Juli 2020"
}